@inproceedings{risset2020,
  title={Faust2FPGA for Ultra-Low Audio Latency: Preliminary work in the Syfala project},
  author={Tanguy Risset and Romain Michon and Yann Orlarey and Stéphane Letz and Gero Müller and Adeyemi Gbadamosi and Luc Forget and Florent de Dinechin},
  booktitle={International Faust Conference (IFC)},
  year={2020},
  comment={Paper accepted at the conference and ready-to-be published.}
}

@ARTICLE{volkova19,
author={A. {Volkova} and M. {Istoan} and F. {De Dinechin} and T. {Hilaire}},
journal={IEEE Transactions on Computers},
title={Towards Hardware IIR Filters Computing Just Right: Direct Form I Case Study},
year={2019},
volume={68},
number={4},
pages={597-608},
ISSN={2326-3814},
month={April}}


@inproceedings{Kuper,
title = "Declaratively programmable ultra-low latency audio effects processing on FPGA",
keywords = "coarse-grained reconfigurable computing, massively-parallel, declarative programming, ultra-low latency, automated manycore compilation, METIS-309577, zero-jitter, EWI-25044, Faust-compatible, IR-92647, EC Grant Agreement nr.: FP7/610686",
author = "Verstraelen, {Martinus Johannes Wilhelmina} and Jan Kuper and Smit, {Gerardus Johannes Maria}",
year = "2014",
month = "9",
day = "1",
isbn = "978-3-00-046825-4",
publisher = "Fraunhofer Institut",
pages = "263--270",
booktitle = "Proceedings of the 17th International Conference on Digital Audio Effects (DAFx-14)",

}
@ARTICLE{flopoco,
author = {Florent de Dinechin and Bogdan Pasca},
journal = {IEEE Design \& Test of Computers},
title = {Designing Custom Arithmetic Data Paths with FloPoCo},
year = {2011},
volume = {28},
number = {},
pages = {18-27},
keywords={design and test; FloPoCo; core generator; arithmetic circuit; floating-point; pipelining; data path; FPGAs; reconfigurable computing; VHDL; C&#x002B;&#x002B; framework},
doi = {10.1109/MDT.2011.44},
url = {doi.ieeecomputersociety.org/10.1109/MDT.2011.44},
ISSN = {0740-7475},
month={04}
}


@InBook{faust,
  Title                    = {New Computational Paradigms for Computer Music},
  Author                   = {Yann Orlarey and St\'ephane Letz and Dominique Fober},
  Chapter                  = {``{Faust}: an Efficient Functional Approach to {DSP} Programming''},
  Editor                   = {Gerard Assayag},
  Publisher                = {Delatour},
  Year                     = {2009},

  Address                  = {Paris, France}
}

@InProceedings{DinIstSer2013-FPL-BitHeap,
    title = {Arithmetic Core Generation Using Bit Heaps},
    author = {Brunie, Nicolas and de Dinechin, Florent and Istoan, Matei and Sergent, Guillaume and Illyes, Kinga and Popa, Bogdan},
    year = {2013},
    month = sep,
  booktitle = {Field-Programmable Logic and Applications}
}
